@article{watson53,
author = "Watson, James and Crick, Francis",
title = "Molecular structure of nucleic acids",
journal = "Nature",
year = "1953",
number = "4356",
pages = "737-738",
volume = "171",
note = "Notas opcionales"
}

@book{otro2024,
  author    = {Otro Autor},
  title     = {TÃ­tulo del Libro},
  publisher = {Editorial Ejemplo},
  year      = {2024},
  address   = {Ciudad Ejemplo},
  isbn      = {978-3-16-148410-0}
}